<record><leader>00000cas a22000007a 4500</leader><controlfield tag="001">11455304</controlfield><controlfield tag="008">841205d18791890aluwr ne      0    0eng d</controlfield><controlfield tag="009">5005</controlfield><datafield ind1=" " ind2=" " tag="010"><subfield code="a">sn 84045026 </subfield></datafield><datafield ind1=" " ind2=" " tag="040"><subfield code="a">NPA</subfield><subfield code="b">eng</subfield><subfield code="c">NPA</subfield><subfield code="d">CPN</subfield><subfield code="d">OCLCQ</subfield></datafield><datafield ind1=" " ind2=" " tag="042"><subfield code="a">msc</subfield></datafield><datafield ind1="0" ind2="4" tag="245"><subfield code="a">The Bibb blade.</subfield></datafield><datafield ind1=" " ind2=" " tag="260"><subfield code="a">Six Mile, Ala. :</subfield><subfield code="b">Frank P. Glass,</subfield><subfield code="c">1879-1890.</subfield></datafield><datafield ind1=" " ind2=" " tag="300"><subfield code="a">v. :</subfield><subfield code="b">ill. (chiefly advertisements) ;</subfield><subfield code="c">49-54 cm.</subfield></datafield><datafield ind1=" " ind2=" " tag="310"><subfield code="a">Weekly</subfield></datafield><datafield ind1="0" ind2=" " tag="362"><subfield code="a">Vol. 1, no. 1 (Dec. 24, 1879)-v. 11, no. 14 (Mar. 18, 1890).</subfield></datafield><datafield ind1=" " ind2=" " tag="500"><subfield code="a">"Mind, muscle, and pluck."</subfield></datafield><datafield ind1=" " ind2=" " tag="752"><subfield code="a">United States</subfield><subfield code="b">Alabama</subfield><subfield code="c">Bibb</subfield><subfield code="d">Six Mile.</subfield></datafield><datafield ind1=" " ind2=" " tag="752"><subfield code="a">United States</subfield><subfield code="b">Alabama</subfield><subfield code="c">Bibb</subfield><subfield code="d">Centreville.</subfield></datafield><datafield ind1="0" ind2="1" tag="785"><subfield code="t">Blade enterprise</subfield><subfield code="w">(DLC)sn 85044858</subfield></datafield></record>